@article{Fontanella2000,
    author = {Fontanella, María Beatriz},
    title = {El español en la Argentina y sus variedades regionales},
    publisher = {Editorial Edicial S.A.},
  	address = {Rivadavia 739 (1002) Buenos Aires, Argentina},  
    year = {2000}
}

@article{Vidal1964,
	author = {Battini, Elena Vidal},
    title = {Español en la Argentina},
    address = {Consejo Nacional de Educación},
    year = {1964}
}

@ARTICLE{rabiner, 
	author={Rabiner, L.}, 
	journal={Proceedings of the IEEE}, 
	title={A tutorial on hidden Markov models and selected applications in speech recognition}, 
	year={1989}, 
	month={Feb}, 
	volume={77}, 
	number={2}, 
	pages={257-286}, 
	keywords={Markov processes;speech recognition;balls-in-urns system;coin-tossing;discrete Markov chains;ergodic models;hidden Markov models;hidden states;left-right models;probabilistic function;speech recognition;Distortion;Hidden Markov models;Mathematical model;Multiple signal classification;Signal processing;Speech recognition;Statistical analysis;Stochastic processes;Temperature measurement;Tutorial}, 
	doi={10.1109/5.18626}, 
	ISSN={0018-9219}
}

@INPROCEEDINGS{prosodylab,
   author = {Gorman, Kyle and Jonathan Howell and Michael Wagner},
   title = {Prosodylab-Aligner: A Tool for Forced Alignment of Laboratory Speech. Canadian Acoustics. 39.3. 192–193.},
   booktitle = {Proceedings of Acoustics Week in Canada, Quebec City},
   year = {2011}
}

@inproceedings{Cohen1995,
    author = {William W. Cohen},
    booktitle = {Twelfth International Conference on Machine Learning},
    pages = {115-123},
    publisher = {Morgan Kaufmann},
    title = {Fast Effective Rule Induction},
    year = {1995}
}

@article{Quinlan1993,
    address = {San Mateo, CA},
    author = {Ross Quinlan},
    publisher = {Morgan Kaufmann Publishers},
    title = {C4.5: Programs for Machine Learning},
    year = {1993}
}
 
@TECHREPORT{Platt98sequentialminimal,
    author = {John C. Platt},
    title = {Sequential Minimal Optimization: A Fast Algorithm for Training Support Vector Machines},
    institution = {Microsoft Research},
    month = {April},
    number = {MSR-TR-98-14},
    pages = {21},
    year = {1998}
}

@inproceedings{DBLP:conf/flairs/Zhang04,
  author    = {Harry Zhang},
  title     = {The Optimality of Naive Bayes},
  booktitle = {FLAIRS Conference},
  year      = {2004},
  pages     = {562-567},
  ee        = {http://www.aaai.org/Library/FLAIRS/2004/flairs04-097.php},
  crossref  = {DBLP:conf/flairs/2004},
  bibsource = {DBLP, http://dblp.uni-trier.de}
}

@inproceedings{amper,
  author = {Jorge A. Gurlekian and Reina Yanagida and Mónica Noemí Trípodi and Guillermo Toledo},
  title = {AMPER-ARGENTINA: VARIABILIDAD RÍTMICA EN DOS CORPUS},
  year = {2009}
}

@inproceedings{amper2004,
	title={Proyecto AMPER: estudio contrastivo de frases interrogativas sin expansi{\'o}n del" tortos{\'\i}" y del" lleidata"},
	author={Van Oosterzee, Carlos and Planas, Anna Maria Fern{\`a}ndez and Barrios, Lourdes Romera and i Sabat{\'e}, Josefina Carrera and Montserrat, Janina Espuny and Celdr{\'a}n, Eugenio Mart{\'\i}nez},
	booktitle={Actas del VI Congreso de Ling{\"u}{\'\i}stica General, Santiago de Compostela},
	pages={1977--1990},
	year={2004},
	organization={Arco Libros}
}

@inproceedings{praat,
  author = {Paul Boersma and David Weenink},
  title = {Praat: doing phonetics by computer [Computer program] Version 5.3.51, retrieved 2 June 2013 from http://www.praat.org/},
  year = {2013}
}

@article{DataMining-PracticalMachineLearningTools,
	author = {Witten and Frank and Hall},
	title = { Data Mining, Practical Machine Learning Tools and Techniques},
	publisher = {Morgan Kaufmann},
	year = {2011}
}
