@article{Fontanella2000,
	author = {{María Beatriz Fontanella de Weinberg}},
	title = {El español en la Argentina y sus variedades regionales},
	publisher = {Editorial Edicial S.A.},
	address = {Rivadavia 739 (1002) Buenos Aires, Argentina},  
	year = {2000}
}

@article{Vidal1964,
	author = {{Elena Vidal de Battini}},
	title = {Español en la Argentina},
	address = {Consejo Nacional de Educación},
	year = {1964}
}

@INPROCEEDINGS{prosodylab,
	author = {Gorman, Kyle and Jonathan Howell and Michael Wagner},
	title = {Prosodylab-Aligner: A Tool for Forced Alignment of Laboratory Speech. Canadian Acoustics. 39.3. 192–193.},
	booktitle = {Proceedings of Acoustics Week in Canada, Quebec City},
	year = {2011}
}

@inproceedings{amper,
	author = {Jorge A. Gurlekian and Reina Yanagida and Mónica Noemí Trípodi and Guillermo Toledo},
	title = {AMPER-ARGENTINA: VARIABILIDAD RÍTMICA EN DOS CORPUS},
	year = {2009}
}

@inproceedings{praat,
	author = {Paul Boersma and David Weenink},
	title = {Praat: doing phonetics by computer [Computer program] Version 5.3.51, retrieved 2 June 2013 from http://www.praat.org/},
	year = {2013}
}